@misc{ips,
author = {Ipsen, Ilse},
title = {A Note On The Field Of Values Of Non-Normal Matrices},
year = {1998. Available from \url{https://ipsen.math.ncsu.edu/papers.html}},
institution = {North Carolina State University},
}
 

@misc{stan,
  author = {Boyd, Stephen},
institution = {Stanford University},
  title = {EE363: Linear Dynamical Systems},
  year = {2008. Available from \url{https://stanford.edu/class/ee363/lectures/lyap.pdf}},
}

@misc{emb,
  Author = {Embree, Mark},
  Institution = {Rice University},
  Howpublished = {Lecture, Trogir, Croatia},
  Year = {2011. Available from \url{http://www2.mpi-magdeburg.mpg.de/mpcsc/events/trogir/slides/psa\_slides.pdf}},
  Title = {Pseudospectra and the Behavior of Dynamical Systems}
}

@article {MR894640,
    AUTHOR = {Elsner, L. and Paardekooper, M. H. C.},
     TITLE = {On measures of nonnormality of matrices},
   JOURNAL = {Linear Algebra Appl.},
  FJOURNAL = {Linear Algebra and its Applications},
    VOLUME = {92},
      YEAR = {1987},
     PAGES = {107--123},
      ISSN = {0024-3795},
   MRCLASS = {15A57 (15A18)},
  MRNUMBER = {894640},
MRREVIEWER = {Shao Kuan Li},
       DOI = {10.1016/0024-3795(87)90253-9},
       URL = {https://doi.org/10.1016/0024-3795(87)90253-9},
}


@article {MR3095913,
    AUTHOR = {Benner, Peter and Saak, Jens},
     TITLE = {Numerical solution of large and sparse continuous time
              algebraic matrix {R}iccati and {L}yapunov equations: a state
              of the art survey},
   JOURNAL = {GAMM-Mitt.},
  FJOURNAL = {GAMM-Mitteilungen},
    VOLUME = {36},
      YEAR = {2013},
    NUMBER = {1},
     PAGES = {32--52},
      ISSN = {0936-7195},
   MRCLASS = {65F30 (15A24 65H10)},
  MRNUMBER = {3095913},
MRREVIEWER = {Juan R. Torregrosa},
       DOI = {10.1002/gamm.201310003},
       URL = {https://doi.org/10.1002/gamm.201310003},
}

@article {MAIN,
    AUTHOR = {Baker, Jonathan and Embree, Mark and Sabino, John},
     TITLE = {Fast singular value decay for {L}yapunov solutions with
              nonnormal coefficients},
   JOURNAL = {SIAM J. Matrix Anal. Appl.},
  FJOURNAL = {SIAM Journal on Matrix Analysis and Applications},
    VOLUME = {36},
      YEAR = {2015},
    NUMBER = {2},
     PAGES = {656--668},
      ISSN = {0895-4798},
   MRCLASS = {15A24 (15A60 65F15 93B05 93B40)},
  MRNUMBER = {3352608},
MRREVIEWER = {Chun-Hua Guo},
       DOI = {10.1137/140993867},
       URL = {https://doi.org/10.1137/140993867},
}

@article {ELS,
    AUTHOR = {Elsner, L. and Paardekooper, M. H. C.},
     TITLE = {On measures of nonnormality of matrices},
   JOURNAL = {Linear Algebra Appl.},
  FJOURNAL = {Linear Algebra and its Applications},
    VOLUME = {92},
      YEAR = {1987},
     PAGES = {107--123},
      ISSN = {0024-3795},
   MRCLASS = {15A57 (15A18)},
  MRNUMBER = {894640},
MRREVIEWER = {Shao Kuan Li},
       DOI = {10.1016/0024-3795(87)90253-9},
       URL = {https://doi.org/10.1016/0024-3795(87)90253-9},
}

@article {ANT,
    AUTHOR = {Antoulas, A. C. and Sorensen, D. C. and Zhou, Y.},
     TITLE = {On the decay rate of {H}ankel singular values and related
              issues},
   JOURNAL = {Systems Control Lett.},
  FJOURNAL = {Systems \& Control Letters},
    VOLUME = {46},
      YEAR = {2002},
    NUMBER = {5},
     PAGES = {323--342},
      ISSN = {0167-6911},
   MRCLASS = {93B25 (93C05)},
  MRNUMBER = {2011320},
       DOI = {10.1016/S0167-6911(02)00147-0},
       URL = {https://doi.org/10.1016/S0167-6911(02)00147-0},
}

@article {TREF,
    AUTHOR = {Trefethen, Lloyd N. and Trefethen, Anne E. and Reddy, Satish
              C. and Driscoll, Tobin A.},
     TITLE = {Hydrodynamic stability without eigenvalues},
   JOURNAL = {Science},
  FJOURNAL = {American Association for the Advancement of Science. Science},
    VOLUME = {261},
      YEAR = {1993},
    NUMBER = {5121},
     PAGES = {578--584},
      ISSN = {0036-8075},
   MRCLASS = {76E99},
  MRNUMBER = {1229495},
       DOI = {10.1126/science.261.5121.578},
       URL = {https://doi.org/10.1126/science.261.5121.578},
}

@article {DRU,
    AUTHOR = {Druskin, V. and Knizhnerman, L. and Simoncini, V.},
     TITLE = {Analysis of the rational {K}rylov subspace and {ADI} methods
              for solving the {L}yapunov equation},
   JOURNAL = {SIAM J. Numer. Anal.},
  FJOURNAL = {SIAM Journal on Numerical Analysis},
    VOLUME = {49},
      YEAR = {2011},
    NUMBER = {5},
     PAGES = {1875--1898},
      ISSN = {0036-1429},
   MRCLASS = {65F30 (15A03 93B11)},
  MRNUMBER = {2837488},
MRREVIEWER = {Abdeslem H. Bentbib},
       DOI = {10.1137/100813257},
       URL = {https://doi.org/10.1137/100813257},
}

@article {PEN1,
    AUTHOR = {Penzl, Thilo},
     TITLE = {Eigenvalue decay bounds for solutions of {L}yapunov equations:
              the symmetric case},
   JOURNAL = {Systems Control Lett.},
  FJOURNAL = {Systems \& Control Letters},
    VOLUME = {40},
      YEAR = {2000},
    NUMBER = {2},
     PAGES = {139--144},
      ISSN = {0167-6911},
   MRCLASS = {93D05 (34D20 93B40)},
  MRNUMBER = {1829181},
MRREVIEWER = {Han Sheng Wu},
       DOI = {10.1016/S0167-6911(00)00010-4},
       URL = {https://doi.org/10.1016/S0167-6911(00)00010-4},
}

@article {PEN2,
    AUTHOR = {Penzl, Thilo},
     TITLE = {A cyclic low-rank {S}mith method for large sparse {L}yapunov
              equations},
   JOURNAL = {SIAM J. Sci. Comput.},
  FJOURNAL = {SIAM Journal on Scientific Computing},
    VOLUME = {21},
      YEAR = {1999/00},
    NUMBER = {4},
     PAGES = {1401--1418},
      ISSN = {1064-8275},
   MRCLASS = {65F50 (65F10 65F30)},
  MRNUMBER = {1742324},
MRREVIEWER = {A. Barraud},
       DOI = {10.1137/S1064827598347666},
       URL = {https://doi.org/10.1137/S1064827598347666},
}